@book{adams1995hitchhiker,
  title={The Hitchhiker's Guide to the Galaxy},
  author={Adams, D.},
  isbn={9781417642595},
  url={http://books.google.com/books?id=W-xMPgAACAAJ},
  year={1995},
  publisher={San Val}
},
@api{adorableio,
    title={API générateur d'avatar, http://avatars.adorable.io/},
    url={http://avatars.adorable.io/}
},
@lib{redux,
    title={Redux, https://redux.js.org/},
    url={https://redux.js.org/}
}

